<record><leader>00000cas a22000007a 4500</leader><controlfield tag="001">26534144</controlfield><controlfield tag="008">920903d189u1uuuwyuwr ne      0    0eng d</controlfield><datafield ind1=" " ind2=" " tag="010"><subfield code="a">sn 92067165 </subfield></datafield><datafield ind1=" " ind2=" " tag="040"><subfield code="a">NVO</subfield><subfield code="b">eng</subfield><subfield code="c">NVO</subfield><subfield code="d">OCLCQ</subfield></datafield><datafield ind1=" " ind2=" " tag="042"><subfield code="a">msc</subfield></datafield><datafield ind1="0" ind2=" " tag="130"><subfield code="a">Graphic (Douglas, Wyo.)</subfield></datafield><datafield ind1="1" ind2="4" tag="245"><subfield code="a">The graphic.</subfield></datafield><datafield ind1="1" ind2="3" tag="246"><subfield code="a">Glenrock graphic</subfield><subfield code="f">&lt;July 4&gt;-18, 1891</subfield></datafield><datafield ind1=" " ind2=" " tag="260"><subfield code="a">Douglas, Wyo. :</subfield><subfield code="b">W.S. Kimball</subfield></datafield><datafield ind1=" " ind2=" " tag="300"><subfield code="a">v.</subfield></datafield><datafield ind1=" " ind2=" " tag="310"><subfield code="a">Weekly</subfield></datafield><datafield ind1=" " ind2=" " tag="588"><subfield code="a">Description based on: Vol. 5, no. 44 (July 4, 1891).</subfield></datafield><datafield ind1=" " ind2="4" tag="651"><subfield code="a">Douglas (Wyo.)</subfield><subfield code="v">Newspapers.</subfield></datafield><datafield ind1=" " ind2="4" tag="651"><subfield code="a">Converse County (Wyo.)</subfield><subfield code="v">Newspapers.</subfield></datafield><datafield ind1=" " ind2=" " tag="752"><subfield code="a">United States</subfield><subfield code="b">Wyoming</subfield><subfield code="c">Converse</subfield><subfield code="d">Douglas.</subfield></datafield><datafield ind1="0" ind2="0" tag="780"><subfield code="t">Glenrock graphic</subfield><subfield code="w">(DLC)sn 92067164</subfield></datafield></record>